<?xml version="1.0" encoding="UTF-8"?><collection xmlns="http://www.loc.gov/MARC21/slim"><record><leader>00573nam--2200181-i-4500</leader><controlfield tag="001">000004478</controlfield><controlfield tag="002">20161230</controlfield><controlfield tag="005">20170123163836</controlfield><controlfield tag="008">060222s1000------------r-----000-0-eng-d</controlfield><datafield ind1=" " ind2=" " tag="040"><subfield code="a">IFIN-HH</subfield></datafield><datafield ind1=" " ind2=" " tag="080"><subfield code="a">535.36</subfield></datafield><datafield ind1="1" ind2=" " tag="100"><subfield code="a">Boll, R. H</subfield></datafield><datafield ind1="1" ind2="0" tag="245"><subfield code="a">Tables of light-scattering functions</subfield><subfield code="b">Relative indices of less than unity, and infinity</subfield><subfield code="c">R.H. Boll, J.A.Leacock, G.C. Clark, S.W. Churchill</subfield></datafield><datafield ind1=" " ind2=" " tag="260"><subfield code="a">An Arbor</subfield><subfield code="b">The University Of Michigan Press</subfield><subfield code="c">1958</subfield></datafield><datafield ind1=" " ind2=" " tag="300"><subfield code="a">VII + 360 p</subfield></datafield><datafield ind1="1" ind2=" " tag="700"><subfield code="a">Churchill, Stuart W</subfield></datafield><datafield ind1=" " ind2=" " tag="852"><subfield code="a">13840</subfield><subfield code="c">535</subfield></datafield><datafield ind1=" " ind2=" " tag="CAT"><subfield code="a">SYS</subfield><subfield code="c">20170123</subfield><subfield code="h">163836</subfield></datafield></record></collection>